@inproceedings{gringauz2014modification7624365,
    author = "Gringauz, A. and Shalnov, E. and Konushin, A.",
    title = "Modification of the multi-target tracking algorithm based on energy minimization",
    booktitle = "Proceedings of the 24th International Conference on Computer Graphics and Vision GraphiCon'2014",
    year = "2014",
    series = "GraphiCon",
    pages = "139--143",
    publisher = "Rostov-on-Don, Russia",
    language = "english"
}
@inproceedings{konushin2016further34136983,
    author = "Kuplyakov, Denis and Shalnov, Evgeny and Konushin, Anton",
    title = "Further Improvement on an MCMC-based Video Tracking Algorithm",
    booktitle = "Proceedings of the 26th International Conference on Computer Graphics and Vision GraphiCon'2016",
    year = "2016",
    series = "GraphiCon",
    pages = "440--444",
    language = "english"
}
@inproceedings{gringauz2015an-algorithm10904785,
    author = "Gringauz, Alexander and Shalnov, Eugeniy and Konushin, Anton",
    title = "An algorithm for estimating locations of people in world coordinates and its application for tracking",
    booktitle = "Proceedings of the 25th International Conference on Computer Graphics and Vision GraphiCon'2015",
    year = "2015",
    series = "GraphiCon",
    pages = "222--226",
    language = "english"
}