% ГОСТ Р 7.0.11-2011, Приложение Б, Книги
@BOOK{Sychev,
  author = {Сычёв, М. С.},
  title = {История Астраханвского казачьего войска: учебное пособие},
  address = {Астрахань},
  publisher = {Волга},
  year = {2009},
  numpages = {231},
  language = {russian}
}

@BOOK{Sokolov,
  author = {Соколов, А. Н. and Сердобинцев, К. С.},
  editor = {Бочарова, В. М.},
  address = {Астрахань},
  publisher = {Калиниградский ЮИ МВД России},
  title = {Гражданское общество: проблемы формирования и развития (философский и юридический аспекты): монография},
  year = {2009},
  numpages = {218},
  language = {russian}
}

@BOOK{Gaidaenko,
  author = {Гайдаенко, Т. А.},
  title = {Маркетинговое управление: принципы управленческих решений и российская практика},
  edition = {3-е изд, перераб. и доп.},
  address = {М.},
  publisher = {Эксмо: МИРБИС},
  year = {2008},
  numpages = {508},
  language = {russian}
}

@BOOK{Lermontov,
  author = {Лермонтов, Михаил Юрьевич},
  title = {Собрание сочинений: в 4 т.},
  address = {М.},
  publisher = {Терра-Кн. клуб},
  year = {2009},
  note = {4 т.},
  language = {russian}
}

@BOOK{Management,
  title = {Управление бизнесом: сборник статей},
  address = {Нижний новгород},
  publisher = {Изд-во Нижегородского университета},
  year = {2009},
  numpages = {243},
  language = {russian}
}

@BOOK{Borozda,
  author = {Борозда, И. В. and Воронин, Н. И. and Бушманов А. В.},
  title = {Лечение сочетанных повреждений таза},
  address = {Владивосток},
  publisher = {Дальнаука},
  year = {2009},
  numpages = {195},
  language = {russian}
}

@BOOK{Marketing,
  author = {Михненков, О. В. and Коготкова, И. З. and Генкин, Е. В. and Сороко, Г. Я.},
  title = {Маркетинговые исследования в строительстве: учебное пособие для студентов специальности «Менеджемент организаций»},
  address = {М.},
  publisher = {Государственный университет управления},
  year = {2005},
  numpages = {59},
  language = {russian}
}

% ГОСТ Р 7.0.11-2011, Приложение Б, Нормативные правовые акты
@BOOK{Constitution,
  title = {Конституция Российской Федерации: офиц. текст.},
  address = {М.},
  publisher = {Маркетинг},
  year = {2001},
  numpages = {39},
  language = {russian}
}

@BOOK{FamilyCode,
  title = {Семейный кодекс Российской Федерации: [федер. закон: принят Гос. Думой 8 дек. 1995~г.: по состоянию на 3~янв. 2001~г.]},
  address = {СПб.},
  publisher = {Стаун-кантри},
  year = {2001},
  numpages = {94},
  language = {russian}
}

% ГОСТ Р 7.0.11-2011, Приложение Б, Стандарты
@BOOK{Gost.7.0.53,
  title = {ГОСТ Р 7.0.53-2007 Система стандартов по информации, библиотечному и издательскому делу. Издания. Международный стандартный книжный номер. Использование и издательское оформление.},
  address = {М.},
  publisher = {Стандартинформ},
  year = {2007},
  numpages = {5},
  language = {russian}
}

% ГОСТ Р 7.0.11-2011, Приложение Б, Депонированные научные работы
@BOOK{Razumovski,
  author = {Разумовский, В. А. and Андреев, Д. А.},
  title = {Управление маркетинговыми исследованиями в регионе},
  address = {М.},
  year = {2002},
  numpages = {210},
  note = {Деп. в ИНИОН Рос. акад. наук 15.02.02, № 139876},
  language = {russian}
}

% ГОСТ Р 7.0.11-2011, Приложение Б, Диссертации
@BOOK{Lagkueva,
  author = {Лагкуева, Ирина Владимировна},
  title = {Особенности регулирования труда творческих работников театров: дис. ... канд. юрид. наук: 12.00.05},
  address = {М.},
  year = {2009},
  numpages = {168},
  language = {russian}
}

@BOOK{Pokrovski,
  author = {Покровский, Андрей Владимирович},
  title = {Устранимые особенности решений эллиптических уравнений: дис. ... д-ра физ.-мат. наук: 01.01.01},
  address = {М.},
  year = {2008},
  numpages = {178},
  language = {russian}
}

% ГОСТ Р 7.0.11-2011, Приложение Б, Авторефераты диссертаций
@BOOK{Sirotko,
  author = {Сиротко, Владимир Викторович},
  title = {Медико-социальные аспекты городского травматизма в современных условиях : автореф. дис. ... канд. мед. наук : 14.00.33},
  address = {М.},
  year = {2006},
  numpages = {26},
  language = {russian}
}

@BOOK{Lukina,
  author = {Лукина, Валентина Александровна},
  title = {Творческая история «Записок охотника» И. С. Тургенева: автореф. дис. ... канд. филол. наук : 10.01.01},
  address = {СПб.},
  year = {2006},
  numpages = {26},
  language = {russian}
}

% ГОСТ Р 7.0.11-2011, Приложение Б, Отчёты о научно-исследовательской работе
@BOOK{Methodology,
  author = {Загорюев, А. Л.},
  title = {Методология и методы изучения военно-профессиональной направленности подростков: отчёт о НИР},
  address = {Екатеринбург},
  institution = {Уральский институт практической психологии},
  year = {2008},
  numpages = {102},
  language = {russian}
}

% ГОСТ Р 7.0.11-2011, Приложение Б, Электронные ресурсы
@BOOK{Encyclopedia,
  title = {Художественная энциклопедия зарубежного классического искусства [Электронный ресурс]},
  address = {М.},
  publisher = {Большая Рос. энкцикл.},
  year = {1996},
  note = {1 электрон. опт. диск (CD-ROM)},
  language = {russian}
}

@ARTICLE{Nasirova,
  author = {Насырова, Г. А.},
  title = {Модели государственного регулирования страховой деятельности [Электронный ресурс]},
  journal = {Вестник Финансовой академии},
  year = {2003},
  number = {4},
  note = {Режим доступа: http://vestnik.fa.ru/4(28)2003/4.html},
  language = {russian}
}

% ГОСТ Р 7.0.11-2011, Приложение Б, Статьи
@article{rother2002new,
  title={A new approach to vanishing point detection in architectural environments},
  author={Rother, Carsten},
  journal={Image and Vision Computing},
  volume={20},
  number={9},
  pages={647--655},
  year={2002},
  publisher={Elsevier}
}

@article{hoiem2008putting,
	title={Putting objects in perspective},
	author={Hoiem, Derek and Efros, Alexei A and Hebert, Martial},
	journal={International Journal of Computer Vision},
	volume={80},
	number={1},
	pages={3--15},
	year={2008},
	publisher={Springer}
}

@inproceedings{viola2001rapid,
	title={Rapid object detection using a boosted cascade of simple features},
	author={Viola, Paul and Jones, Michael},
	booktitle={Computer Vision and Pattern Recognition, 2001. CVPR 2001. Proceedings of the 2001 IEEE Computer Society Conference on},
	volume={1},
	pages={I--511},
	year={2001},
	organization={IEEE}
}

@inproceedings{bourdev2005robust,
	title={Robust object detection via soft cascade},
	author={Bourdev, Lubomir and Brandt, Jonathan},
	booktitle={2005 IEEE Computer Society Conference on Computer Vision and Pattern Recognition (CVPR'05)},
	volume={2},
	pages={236--243},
	year={2005},
	organization={IEEE}
}

@inproceedings{dollar2010fastest,
	title={The Fastest Pedestrian Detector in the West.},
	author={Doll{\'a}r, Piotr and Belongie, Serge and Perona, Pietro},
	booktitle={BMVC},
	volume={2},
	number={3},
	pages={7},
	year={2010},
	organization={Citeseer}
}

@inproceedings{krizhevsky2012imagenet,
	title={Imagenet classification with deep convolutional neural networks},
	author={Krizhevsky, Alex and Sutskever, Ilya and Hinton, Geoffrey E},
	booktitle={Advances in neural information processing systems},
	pages={1097--1105},
	year={2012}
}

@article{simonyan2014very,
	title={Very deep convolutional networks for large-scale image recognition},
	author={Simonyan, Karen and Zisserman, Andrew},
	journal={arXiv preprint arXiv:1409.1556},
	year={2014}
}

@article{he2015deep,
	title={Deep residual learning for image recognition},
	author={He, Kaiming and Zhang, Xiangyu and Ren, Shaoqing and Sun, Jian},
	journal={arXiv preprint arXiv:1512.03385},
	year={2015}
}

@article{szegedy2015rethinking,
	title={Rethinking the inception architecture for computer vision},
	author={Szegedy, Christian and Vanhoucke, Vincent and Ioffe, Sergey and Shlens, Jonathon and Wojna, Zbigniew},
	journal={arXiv preprint arXiv:1512.00567},
	year={2015}
}

@inproceedings{girshick2015fast,
	title={Fast r-cnn},
	author={Girshick, Ross},
	booktitle={Proceedings of the IEEE International Conference on Computer Vision},
	pages={1440--1448},
	year={2015}
}

@inproceedings{ren2015faster,
	title={Faster R-CNN: Towards real-time object detection with region proposal networks},
	author={Ren, Shaoqing and He, Kaiming and Girshick, Ross and Sun, Jian},
	booktitle={Advances in neural information processing systems},
	pages={91--99},
	year={2015}
}

@inproceedings{girshick2014rich,
	title={Rich feature hierarchies for accurate object detection and semantic segmentation},
	author={Girshick, Ross and Donahue, Jeff and Darrell, Trevor and Malik, Jitendra},
	booktitle={Proceedings of the IEEE conference on computer vision and pattern recognition},
	pages={580--587},
	year={2014}
}

@inproceedings{izadinia20122t,
	title={2t: Multiple people multiple parts tracker},
	author={Izadinia, Hamid and Saleemi, Imran and Li, Wenhui and Shah, Mubarak},
	booktitle={European Conference on Computer Vision},
	pages={100--114},
	year={2012},
	organization={Springer}
}

@inproceedings{andriyenko2012discrete,
	title={Discrete-continuous optimization for multi-target tracking},
	author={Andriyenko, Anton and Schindler, Konrad and Roth, Stefan},
	booktitle={Computer Vision and Pattern Recognition (CVPR), 2012 IEEE Conference on},
	pages={1926--1933},
	year={2012},
	organization={IEEE}
}

@inproceedings{milan2013detection,
	title={Detection-and trajectory-level exclusion in multiple object tracking},
	author={Milan, Anton and Schindler, Konrad and Roth, Stefan},
	booktitle={Proceedings of the IEEE Conference on Computer Vision and Pattern Recognition},
	pages={3682--3689},
	year={2013}
}

@inproceedings{gong2011multi,
	title={Multi-hypothesis motion planning for visual object tracking},
	author={Gong, Haifeng and Sim, Jack and Likhachev, Maxim and Shi, Jianbo},
	booktitle={2011 International Conference on Computer Vision},
	pages={619--626},
	year={2011},
	organization={IEEE}
}

@inproceedings{leal2011everybody,
	title={Everybody needs somebody: Modeling social and grouping behavior on a linear programming multiple people tracker},
	author={Leal-Taix{\'e}, Laura and Pons-Moll, Gerard and Rosenhahn, Bodo},
	booktitle={Computer Vision Workshops (ICCV Workshops), 2011 IEEE International Conference on},
	pages={120--127},
	year={2011},
	organization={IEEE}
}

@inproceedings{choi2012unified,
	title={A unified framework for multi-target tracking and collective activity recognition},
	author={Choi, Wongun and Savarese, Silvio},
	booktitle={European Conference on Computer Vision},
	pages={215--230},
	year={2012},
	organization={Springer}
}

@inproceedings{wu2012coupling,
	title={Coupling detection and data association for multiple object tracking},
	author={Wu, Zheng and Thangali, Ashwin and Sclaroff, Stan and Betke, Margrit},
	booktitle={Computer Vision and Pattern Recognition (CVPR), 2012 IEEE Conference on},
	pages={1948--1955},
	year={2012},
	organization={IEEE}
}

@inproceedings{yan2012track,
	title={To track or to detect? an ensemble framework for optimal selection},
	author={Yan, Xu and Wu, Xuqing and Kakadiaris, Ioannis A and Shah, Shishir K},
	booktitle={European Conference on Computer Vision},
	pages={594--607},
	year={2012},
	organization={Springer}
}

@inproceedings{butt2013multi,
	title={Multi-target tracking by lagrangian relaxation to min-cost network flow},
	author={Butt, Asad A and Collins, Robert T},
	booktitle={Proceedings of the IEEE Conference on Computer Vision and Pattern Recognition},
	pages={1846--1853},
	year={2013}
}

@inproceedings{felzenszwalb2008discriminatively,
  title={A discriminatively trained, multiscale, deformable part model},
  author={Felzenszwalb, Pedro and McAllester, David and Ramanan, Deva},
  booktitle={Computer Vision and Pattern Recognition, 2008. CVPR 2008. IEEE Conference on},
  pages={1--8},
  year={2008},
  organization={IEEE}
}

@inproceedings{yang2011articulated,
  title={Articulated pose estimation with flexible mixtures-of-parts},
  author={Yang, Yi and Ramanan, Deva},
  booktitle={Computer Vision and Pattern Recognition (CVPR), 2011 IEEE Conference on},
  pages={1385--1392},
  year={2011},
  organization={IEEE}
}

@inproceedings{park2011n,
  title={N-best maximal decoders for part models},
  author={Park, Dennis and Ramanan, Deva},
  booktitle={2011 International Conference on Computer Vision},
  pages={2627--2634},
  year={2011},
  organization={IEEE}
}

@inproceedings{pirsiavash2012steerable,
  title={Steerable part models},
  author={Pirsiavash, Hamed and Ramanan, Deva},
  booktitle={Computer Vision and Pattern Recognition (CVPR), 2012 IEEE Conference on},
  pages={3226--3233},
  year={2012},
  organization={IEEE}
}

@inproceedings{pishchulin2013poselet,
  title={Poselet conditioned pictorial structures},
  author={Pishchulin, Leonid and Andriluka, Mykhaylo and Gehler, Peter and Schiele, Bernt},
  booktitle={Proceedings of the IEEE Conference on Computer Vision and Pattern Recognition},
  pages={588--595},
  year={2013}
}

@inproceedings{chou2013modeling,
  title={Modeling Instance Appearance for Recognition--Can We Do Better Than EM?},
  author={Chou, Andrew and Wang, Huayan and Stark, Michael and Koller, Daphne},
  booktitle={International Workshop on Structured Prediction: Tractability, Learning, and Inference},
  year={2013}
}

@inproceedings{ghiasi2014parsing,
  title={Parsing occluded people},
  author={Ghiasi, Golnaz and Yang, Yi and Ramanan, Deva and Fowlkes, Charless C},
  booktitle={Proceedings of the IEEE Conference on Computer Vision and Pattern Recognition},
  pages={2401--2408},
  year={2014}
}

@inproceedings{chen2015parsing,
  title={Parsing occluded people by flexible compositions},
  author={Chen, Xianjie and Yuille, Alan L},
  booktitle={Proceedings of the IEEE Conference on Computer Vision and Pattern Recognition},
  pages={3945--3954},
  year={2015}
}

@inproceedings{girshick2015deformable,
  title={Deformable part models are convolutional neural networks},
  author={Girshick, Ross and Iandola, Forrest and Darrell, Trevor and Malik, Jitendra},
  booktitle={Proceedings of the IEEE Conference on Computer Vision and Pattern Recognition},
  pages={437--446},
  year={2015}
}

@inproceedings{finley2008training,
  title={Training structural SVMs when exact inference is intractable},
  author={Finley, Thomas and Joachims, Thorsten},
  booktitle={Proceedings of the 25th international conference on Machine learning},
  pages={304--311},
  year={2008},
  organization={ACM}
}

@inproceedings{chen2014articulated,
  title={Articulated pose estimation by a graphical model with image dependent pairwise relations},
  author={Chen, Xianjie and Yuille, Alan L},
  booktitle={Advances in Neural Information Processing Systems},
  pages={1736--1744},
  year={2014}
}

@inproceedings{tompson2014joint,
  title={Joint training of a convolutional network and a graphical model for human pose estimation},
  author={Tompson, Jonathan J and Jain, Arjun and LeCun, Yann and Bregler, Christoph},
  booktitle={Advances in neural information processing systems},
  pages={1799--1807},
  year={2014}
}

@inproceedings{toshev2014deeppose,
  title={Deeppose: Human pose estimation via deep neural networks},
  author={Toshev, Alexander and Szegedy, Christian},
  booktitle={Proceedings of the IEEE Conference on Computer Vision and Pattern Recognition},
  pages={1653--1660},
  year={2014}
}

@inproceedings{tompson2015efficient,
  title={Efficient object localization using convolutional networks},
  author={Tompson, Jonathan and Goroshin, Ross and Jain, Arjun and LeCun, Yann and Bregler, Christoph},
  booktitle={Proceedings of the IEEE Conference on Computer Vision and Pattern Recognition},
  pages={648--656},
  year={2015}
}

@inproceedings{bulat2016human,
  title={Human pose estimation via convolutional part heatmap regression},
  author={Bulat, Adrian and Tzimiropoulos, Georgios},
  booktitle={European Conference on Computer Vision},
  pages={717--732},
  year={2016},
  organization={Springer}
}

@article{pishchulin15arxiv,
	author = {Leonid Pishchulin and Stefanie Wuhrer and Thomas Helten and Christian Theobalt and Bernt Schiele},
	title = {Building Statistical Shape Spaces for 3D Human Modeling},
	journal = {arXiv},
	year = {2015},
	month = {March}
}

@article{izadinia2012mp,
  title={(MP)2T: multiple people multiple parts tracker},
  author={Izadinia, Hamid and Saleemi, Imran and Li, Wenhui and Shah, Mubarak},
  journal={Computer Vision--ECCV 2012},
  pages={100--114},
  year={2012},
  publisher={Springer Berlin/Heidelberg}
}

@article{freeman1998computer,
  title={Computer vision for interactive computer graphics},
  author={Freeman, William T and Anderson, David B and Beardsley, P and Dodge, Chris N and Roth, Michal and Weissman, Craig D and Yerazunis, William S and Kage, Hiroshi and Kyuma, I and Miyake, Yasunari and others},
  journal={IEEE Computer Graphics and Applications},
  volume={18},
  number={3},
  pages={42--53},
  year={1998},
  publisher={IEEE}
}

@article{isard1998condensation,
  title={Condensation—conditional density propagation for visual tracking},
  author={Isard, Michael and Blake, Andrew},
  journal={International journal of computer vision},
  volume={29},
  number={1},
  pages={5--28},
  year={1998},
  publisher={Springer}
}

@inproceedings{shi1994good,
  title={Good features to track},
  author={Shi, Jianbo and others},
  booktitle={Computer Vision and Pattern Recognition, 1994. Proceedings CVPR'94., 1994 IEEE Computer Society Conference on},
  pages={593--600},
  year={1994},
  organization={IEEE}
}

@inproceedings{kolsch2004fast,
  title={Fast 2d hand tracking with flocks of features and multi-cue integration},
  author={Kolsch, Mathias and Turk, Matthew},
  booktitle={Computer Vision and Pattern Recognition Workshop, 2004. CVPRW'04. Conference on},
  pages={158--158},
  year={2004},
  organization={IEEE}
}

@TechReport{prisacariu_reid_tr2310_09,
	author = "Victor Prisacariu and Ian Reid",
	title = "fastHOG - a real-time GPU implementation of HOG",
	institution = "Department of Engineering Science, Oxford University",
	number="2310/09",
	year = "2009"
}

@article{caprile1990using,
  title={Using vanishing points for camera calibration},
  author={Caprile, Bruno and Torre, Vincent},
  journal={International journal of computer vision},
  volume={4},
  number={2},
  pages={127--139},
  year={1990},
  publisher={Springer}
}

@inproceedings{pflugfelder2007people,
  title={People tracking across two distant self-calibrated cameras},
  author={Pflugfelder, Roman and Bischof, Horst},
  booktitle={Advanced Video and Signal Based Surveillance, 2007. AVSS 2007. IEEE Conference on},
  pages={393--398},
  year={2007},
  organization={IEEE}
}

@inproceedings{puwein2012ptz,
  title={Ptz camera network calibration from moving people in sports broadcasts},
  author={Puwein, Jens and Ziegler, Remo and Ballan, Luca and Pollefeys, Marc},
  booktitle={Applications of Computer Vision (WACV), 2012 IEEE Workshop on},
  pages={25--32},
  year={2012},
  organization={IEEE}
}

@inproceedings{dubska2014automatic,
  title={Automatic Camera Calibration for Traffic Understanding.},
  author={Dubsk{\'a}, Mark{\'e}ta and Herout, Adam and Sochor, Jakub},
  booktitle={BMVC},
  year={2014}
}

@article{visscher2008sizing,
  title={Sizing up human height variation},
  author={Visscher, Peter M},
  journal={Nature genetics},
  volume={40},
  number={5},
  pages={489--490},
  year={2008},
  publisher={Nature Publishing Group}
}

@inproceedings{benfold2011stable,
  title={Stable multi-target tracking in real-time surveillance video},
  author={Benfold, Ben and Reid, Ian},
  booktitle={Computer Vision and Pattern Recognition (CVPR), 2011 IEEE Conference on},
  pages={3457--3464},
  year={2011},
  organization={IEEE}
}

@inproceedings{thirde2006overview,
  title={Overview of the PETS2006 challenge},
  author={Thirde, David and Li, Longzhen and Ferryman, F},
  booktitle={Proc. 9th IEEE International Workshop on Performance Evaluation of Tracking and Surveillance (PETS 2006)},
  pages={47--50},
  year={2006}
}

@inproceedings{yoon2012visual,
  title={Visual tracking via adaptive tracker selection with multiple features},
  author={Yoon, Ju Hong and Kim, Du Yong and Yoon, Kuk-Jin},
  booktitle={European Conference on Computer Vision},
  pages={28--41},
  year={2012},
  organization={Springer}
}

@incollection{dollar2012crosstalk,
  title={Crosstalk cascades for frame-rate pedestrian detection},
  author={Doll{\'a}r, Piotr and Appel, Ron and Kienzle, Wolf},
  booktitle={Computer Vision--ECCV 2012},
  pages={645--659},
  year={2012},
  publisher={Springer}
}

@inproceedings{liu2011surveillance,
  title={Surveillance camera autocalibration based on pedestrian height distributions},
  author={Liu, Jingchen and Collins, Robert T and Liu, Yanxi},
  booktitle={British Machine Vision Conference (BMVC)},
  year={2011}
}

@inproceedings{den2015automatic,
  title={Automatic inference of geometric camera parameters and inter-camera topology in uncalibrated disjoint surveillance cameras},
  author={den Hollander, Richard JM and Bouma, Henri and Baan, Jan and Eendebak, Pieter T and van Rest, Jeroen HC},
  booktitle={SPIE Security+ Defence},
  pages={96520D--96520D},
  year={2015},
  organization={International Society for Optics and Photonics}
}

@inproceedings{chen2007accurate,
  title={Accurate self-calibration of two cameras by observations of a moving person on a ground plane},
  author={Chen, Tsuhan and Del Bimbo, Alberto and Pernici, Federico and Serra, Giuseppe},
  booktitle={Advanced Video and Signal Based Surveillance, 2007. AVSS 2007. IEEE Conference on},
  pages={129--134},
  year={2007},
  organization={IEEE}
}

@inproceedings{li2010simultaneous,
  title={Simultaneous vanishing point detection and camera calibration from single images},
  author={Li, Bo and Peng, Kun and Ying, Xianghua and Zha, Hongbin},
  booktitle={International Symposium on Visual Computing},
  pages={151--160},
  year={2010},
  organization={Springer}
}

@article{jia2014caffe,
  Author = {Jia, Yangqing and Shelhamer, Evan and Donahue, Jeff and Karayev, Sergey and Long, Jonathan and Girshick, Ross and Guadarrama, Sergio and Darrell, Trevor},
  Journal = {arXiv preprint arXiv:1408.5093},
  Title = {Caffe: Convolutional Architecture for Fast Feature Embedding},
  Year = {2014}
}

@ARTICLE{Berestova,
  author = {Берестова, Т. Ф.},
  title = {Поисковые инструмены библиотеки},
  journal = {Библиография},
  year = {2006},
  number = {4},
  pages = {19},
  language = {russian}
}

@ARTICLE{Kriger,
  author = {Кригер, И.},
  title =  {Бумага терпит},
  journal = {Новая газета},
  year = {2009},
  note = {1 июля},
  language = {russian}
}


% Examples from https://verbosus.com/bibtex-style-examples.html
@ARTICLE{Article,
  author   = {Peter Adams},
  title    = {The title of the work},
  journal  = {The name of the journal},
  year     = {1993},
  number   = {2},
  pages    = {201-213},
  month    = {7},
  note     = {An optional note},
  volume   = {4},
  language = {english}
}

@BOOK{Book,
  author    = {Peter Babington}, 
  title     = {The title of the work},
  publisher = {The name of the publisher},
  year      = {1993},
  volume    = {4},
  series    = {10},
  address   = {The address},
  edition   = {3},
  month     = {7},
  note      = {An optional note},
  isbn      = {3257227892},
  language  = {english}
}

@BOOKLET{Booklet,
  title        = {The title of the work},
  author       = {Peter Caxton}, 
  howpublished = {How it was published},
  address      = {The address of the publisher},
  month        = {7},
  year         = {1993},
  note         = {An optional note},
  language     = {english}
}

@CONFERENCE{Conference,
  author       = {Peter Draper}, 
  title        = {The title of the work},
  booktitle    = {The title of the book},
  year         = {1993},
  editor       = {The editor},
  volume       = {4},
  series       = {5},
  pages        = {213},
  address      = {The address of the publisher},
  month        = {7},
  organization = {The organization},
  publisher    = {The publisher},
  note         = {An optional note},
  language     = {english}
}

@INBOOK{Inbook,
  author       = {Peter Eston},
  title        = {The title of the work},
  booktitle    = {Book title},
  chapter      = {8},
  pages        = {201-213},
  publisher    = {The name of the publisher},
  year         = {1993},
  volume       = {4},
  series       = {5},
  address      = {The address of the publisher},
  edition      = {3},
  month        = {7},
  note         = {An optional note},
  language     = {english}
}

@INCOLLECTION{Incollection,
  author       = {Peter Farindon},
  title        = {The title of the work},
  booktitle    = {The title of the book},
  publisher    = {The name of the publisher},
  year         = {1993},
  editor       = {The editor},
  volume       = {4},
  series       = {5},
  chapter      = {8},
  pages        = {201-213},
  address      = {The address of the publisher},
  edition      = {3},
  month        = {7},
  note         = {An optional note},
  language     = {english}
}

@MANUAL{Manual,
  title        = {The title of the work},
  author       = {Peter Gainsford}, 
  organization = {The organization},
  address      = {The address of the publisher},
  edition      = {3},
  month        = {7},
  year         = {1993},
  note         = {An optional note},
  language     = {english}
}

@MASTERSTHESIS{Mastersthesis,
  author       = {Peter Harwood},
  title        = {The title of the work},
  school       = {The school where the thesis was written},
  year         = {1993},
  address      = {The address of the publisher},
  month        = {7},
  note         = {An optional note},
  language     = {english}
}

@MISC{Misc,
  author       = {Peter Isley},
  title        = {The title of the work},
  howpublished = {How it was published},
  month        = {7},
  year         = {1993},
  note         = {An optional note},
  language     = {english}
}

@PHDTHESIS{Phdthesis,
  author       = {Peter Joslin}, 
  title        = {The title of the work},
  school       = {The school where the thesis was written},
  year         = {1993},
  address      = {The address of the publisher},
  month        = {7},
  note         = {An optional note},
  language     = {english}
}

@PROCEEDINGS{Proceedings,
  title        = {The title of the work},
  year         = {1993},
  editor       = {Peter Kidwelly},
  volume       = {4},
  series       = {5},
  address      = {The address of the publisher},
  month        = {7},
  organization = {The organization},
  publisher    = {The name of the publisher},
  note         = {An optional note},
  language     = {english}
}

@TECHREPORT{Techreport,
  author       = {Peter Lambert},
  title        = {The title of the work},
  institution  = {The institution that published},
  year         = {1993},
  number       = {2},
  address      = {The address of the publisher},
  month        = {7},
  note         = {An optional note},
  language     = {english}
}

@UNPUBLISHED{Unpublished,
  author       = {Peter Marcheford}, 
  title        = {The title of the work},
  note         = {An optional note},
  month        = {7},
  year         = {1993},
  language     = {english}
}

%%% Реальные примеры

% Инициалы должны быть записаны после запятой, с точками, через пробел
% http://www.kit-e.ru/articles/elcomp/2006_12_124.php
% Подчёркивания в ссылке приходится экранировать
% http://www.kit-e.ru/articles/elcomp/2006\_12\_124.php
@online{medvedev2006jelektronnye,
  title={Электронные компоненты и монтажные подложки},
  author={Медведев, А. М.},
  journal={Компоненты и технологии},
  number={12},
  pages={124--134},
  year={2006},
  medium={Электронный ресурс},
  url = {http://www.kit-e.ru/articles/elcomp/2006\_12\_124.php},
  urldate = {19.01.2015},
  language = {russian}
}

% Real example
% & в названии журнала надо экранировать
% 10.1002/1521-4125(200007)23:7<581::AID-CEAT581>3.0.CO;2-P
% < > в ссылке приходится экранировать %3C и %3E, а потом ещё знаки процента в них экранировать
% 10.1002/1521-4125(200007)23:7%3C581::AID-CEAT581%3E3.0.CO;2-P
% 10.1002/1521-4125(200007)23:7\%3C581::AID-CEAT581\%3E3.0.CO;2-P
% url не нужен. если запись о бумажной публикации
@article {CEAT:CEAT581,
  author = {Deiters, U. K.},
  title = {A Modular Program System for the Calculation of Thermodynamic Properties of Fluids},
  journal = {Chemical Engineering \& Technology},
  volume = {23},
  number = {7},
  publisher = {WILEY-VCH Verlag},
  issn = {1521-4125},
  doi = {10.1002/1521-4125(200007)23:7\%3C581::AID-CEAT581\%3E3.0.CO;2-P},
  pages = {581--584},
  year = {2000},
  language = {english}
}

% Real with  4 authors
@article{doi:10.1080/01932691.2010.513279,
  author = { {\relax Y}oung-{\relax S}ang   Cho  and  {\relax Y}oung   {\relax K}uk   Kim  and  {\relax K}ook   {\relax C}hae   Chung  and  {\relax C}hul   {\relax J}in   Choi },
  title = {Deformation of Colloidal Crystals for Photonic Band Gap Tuning},
  journal = {Journal of Dispersion Science and Technology},
  volume = {32},
  number = {10},
  pages = {1408-1415},
  year = {2011},
  doi = {10.1080/01932691.2010.513279},
  language = {english}
}

% doi with (), author with umlaut or other unicode or specific symbols, 9 authors
% latex don't like Gösele1999161 in ref
% Умляуты в авторах понимаются из-за поддержки в юникодной странице pdflatex и xelatex
% Иллюстрация того, что будет. если на английской записи будут поставлена пометка, что язык русский
@article{Gosele1999161,
  title = "Wafer bonding for microsystems technologies ",
  journal = "Sensors and Actuators A: Physical ",
  volume = "74",
  number = "1–3",
  pages = "161 - 168",
  year = "1999",
  issn = "0924-4247",
  doi = "10.1016/S0924-4247(98)00310-0",
  author = "Gösele, U. and Tong, Q.-Y. and Schumacher, A. and Kräuter, G. and Reiche, M. and Plößl, A. and Kopperschmidt, P. and Lee, T.-H. and Kim, W.-J.",
  keywords = "Wafer bonding",
  keywords = "Fusion bonding",
  keywords = "Pressure sensors",
  keywords = "Interface reactions",
  keywords = "Hydrophilic bonding",
  keywords = "Hydrophobic bonding",
  language = {russian}
}

% Real example (from Google or Springer)
% unmodified styles don't know %language = {English}
% язык писать с маленьких
% иллюстрация incollection
% 10.1007/0-387-32989-7_45
% Подчёркивания в DOI приходится экранировать
% 10.1007/0-387-32989-7\_45
@incollection{Li2007StressAnalysis,
  year={2007},
  isbn={978-0-387-27974-9},
  booktitle={Micro- and Opto-Electronic Materials and Structures: Physics, Mechanics, Design, Reliability, Packaging},
  editor={Suhir, E. and Lee, Y. C. and Wong, C. P.},
  doi={10.1007/0-387-32989-7\_45},
  title={Stress Analysis for Processed Silicon Wafers and Packaged Micro-devices},
  publisher={Springer US},
  author={Li, {\relax L}i and Guo, {\relax Y}ifan and Zheng, {\relax D}awei},
  pages={B677-B709},
  language={english}
}

% Real, β sign 
% inputenc don't know β sign %aluminosilicate-β-quartz
% Знаки типа β, которые не знает таблица кодировки, с которой работает компилятор нужно заменять на latex команды
% doi должен быть без http://dx.doi.org/
@article{Shoji199895,
title = "Low-temperature anodic bonding using lithium aluminosilicate-$\beta$-quartz glass ceramic",
journal = "Sensors and Actuators A: Physical",
volume = "64",
number = "1",
pages = "95 - 100",
year = "1998",
note = "Tenth \{IEEE\} International Workshop on Micro Electro Mechanical Systems ",
issn = "0924-4247",
doi = "10.1016/S0924-4247(97)01659-2",
author = {{\relax S}huichi Shoji and {\relax H}iroto Kikuchi and {\relax H}irotaka Torigoe},
keywords = "Anodic bonding",
keywords = "Low-temperature bonding",
keywords = "Micro assembly",
keywords = "Micro package",
keywords = "Glass ceramic",
}


% from urlbst package
% Example from Jason Eisner, by mail (nothing special about the entry,
% but he seemed to be having formatting problems with unsrturl and proceedings
% entries.
% http://cs.jhu.edu/~jason/papers/#icassp07
@InProceedings{test:eisner-sample,
  author =       {Damianos Karakos and Sanjeev Khudanpur and Jason
                  Eisner and Carey~E. Priebe},
  title =        {Iterative denoising using {J}ensen-{R}enyi
                  divergences with an application to unsupervised
                  document categorization},
  booktitle =    {Proceedings of ICASSP},
  year =         2007,
  url =          {http://cs.jhu.edu/~jason/papers/\#icassp07}
}

% Попытка записать патент имеющимися средствами
@Book{iofis_patent1960,
  title                    = {Способ пайки керамики с~керамикой и~стекла с~металлом: а.\,с.~126728 СССР},
  author                   = {Иофис, Н. А.},
  year                     = {1960},
  numpages                 = {Бюл. № 5.~1},
  language                 = {russian}
}

% Попытка записать патент имеющимися средствами
@Book{AB_patent_Pomerantz_1968,
  title                    = {Anodic bonding: patent no. 3397278 US},
  author                   = {Pomerantz, D. I.},
  year                     = {1968},
  language                 = {english}
}

