@article{rother2002new,
  title={A new approach to vanishing point detection in architectural environments},
  author={Rother, Carsten},
  journal={Image and Vision Computing},
  volume={20},
  number={9},
  pages={647--655},
  year={2002},
  publisher={Elsevier}
}

@article{hoiem2008putting,
	title={Putting objects in perspective},
	author={Hoiem, Derek and Efros, Alexei A and Hebert, Martial},
	journal={International Journal of Computer Vision},
	volume={80},
	number={1},
	pages={3--15},
	year={2008},
	publisher={Springer}
}